<?xml version="1.0" encoding="UTF-8"?>
<marc:collection xmlns:marc="http://www.loc.gov/MARC21/slim" xmlns:xsi="http://www.w3.org/2001/XMLSchema-instance" xsi:schemaLocation="http://www.loc.gov/MARC21/slim http://www.loc.gov/standards/marcxml/schema/MARC21slim.xsd">
   <marc:record type="Bibliographic">
      <marc:leader>01618cam a2200265   4500</marc:leader>
      <marc:controlfield tag="001">2927155</marc:controlfield>
      <marc:controlfield tag="003">NjP</marc:controlfield>
      <marc:controlfield tag="005">20100712121552.0</marc:controlfield>
      <marc:controlfield tag="008">911126s1970    ir            000 0 arar </marc:controlfield>
      <marc:datafield tag="024" ind1="7" ind2=" ">
         <marc:subfield code="a">princeton_aco000483</marc:subfield>
         <marc:subfield code="2">local</marc:subfield>
      </marc:datafield>
      <marc:datafield tag="010" ind1=" " ind2=" ">
         <marc:subfield code="a">   72218381 /NE </marc:subfield>
      </marc:datafield>
      <marc:datafield tag="035" ind1=" " ind2=" ">
         <marc:subfield code="a">(OCoLC)ocm24862334</marc:subfield>
      </marc:datafield>
      <marc:datafield tag="035" ind1=" " ind2=" ">
         <marc:subfield code="9">CPF5089TS</marc:subfield>
      </marc:datafield>
      <marc:datafield tag="040" ind1=" " ind2=" ">
         <marc:subfield code="a">DLC</marc:subfield>
         <marc:subfield code="c">CUY</marc:subfield>
         <marc:subfield code="d">CUY</marc:subfield>
         <marc:subfield code="d">OCL</marc:subfield>
         <marc:subfield code="d">PUL</marc:subfield>
      </marc:datafield>
      <marc:datafield tag="050" ind1="0" ind2=" ">
         <marc:subfield code="a">PK6456.5</marc:subfield>
         <marc:subfield code="b">.A7 1970</marc:subfield>
      </marc:datafield>
      <marc:datafield tag="100" ind1="1" ind2=" ">
         <marc:subfield code="a">Bundārī, al-Fatḥ ibn ʻAlī,</marc:subfield>
         <marc:subfield code="d">1190 or 91-1245 or 6.</marc:subfield>
      </marc:datafield>
      <marc:datafield tag="245" ind1="1" ind2="3">
         <marc:subfield code="a">al-Shāhnamah,</marc:subfield>
         <marc:subfield code="c">naẓẓamahā bi-al-Fārisīyah Abū al-Qāsim al-Firdawsī, wa-tarjamahā nathran al-Fatḥ ibn ʻAlī al-Bundarī. Wa-qāranahā bi-al-aṣl al-Fārisī, wa-akmala tarjamatahā fī mawāḍiʻ, wa-ṣaḥḥaḥahā wa-ʻallaqa ʻalayhā wa-qaddama lahā ʻAbd al-Wahhāb ʻAzzām.</marc:subfield>
      </marc:datafield>
      <marc:datafield tag="260" ind1=" " ind2=" ">
         <marc:subfield code="a">Tahrān</marc:subfield>
         <marc:subfield code="b">[Yuṭlabu min Maktabat al-Asadī]</marc:subfield>
         <marc:subfield code="c">1970</marc:subfield>
      </marc:datafield>
      <marc:datafield tag="300" ind1=" " ind2=" ">
         <marc:subfield code="a">2 v. in 1.</marc:subfield>
         <marc:subfield code="b">illus.</marc:subfield>
         <marc:subfield code="c">31 cm.</marc:subfield>
      </marc:datafield>
      <marc:datafield tag="500" ind1=" " ind2=" ">
         <marc:subfield code="a">Added t.p.: Shahnamah; the great poem, by Ferdowsi. Translated in prose into Arabic, by al-Fath bin Ali al-Bundari.</marc:subfield>
      </marc:datafield>
      <marc:datafield tag="500" ind1=" " ind2=" ">
         <marc:subfield code="a">Reprint of the 1931-32 ed. Published in Cairo.</marc:subfield>
      </marc:datafield>
      <marc:datafield tag="505" ind1="1" ind2=" ">
         <marc:subfield code="a">Juzʾ 1. al-Bīshdādiyūn wa-al-Kiyāniyūn, maʻa al-muqaddimah wa-al-madkhal -- juzʻ 2. Iskandar wa-mulūk al-ṭawāʾif wa-al-Sasāniyūn, maʻa fihras al-marājiʻ, wa-muʻjam al-kalimāt al-Farisīyah wa-al-fihras al-hijāʾī al-ʻāmm. al-Marājiʻ allatī dhukirat fī ḥawāshī al-kitāb wa-al-madkhal (v. 2, p. 279-282)</marc:subfield>
      </marc:datafield>
      <marc:datafield tag="700" ind1="1" ind2=" ">
         <marc:subfield code="a">ʻAzzām, ʻAbd al-Wahhāb.</marc:subfield>
      </marc:datafield>
      <marc:datafield tag="700" ind1="0" ind2="2">
         <marc:subfield code="a">Firdawsī.</marc:subfield>
         <marc:subfield code="t">Shāhnamah.</marc:subfield>
      </marc:datafield>
      <marc:datafield tag="852" ind1="0" ind2=" ">
         <marc:subfield code="b">nec</marc:subfield>
         <marc:subfield code="h">PK6456.5</marc:subfield>
         <marc:subfield code="i">.A7 1970q</marc:subfield>
         <marc:subfield code="p">3241659</marc:subfield>
         <marc:subfield code="x">reclassed from: 2462.385.61q</marc:subfield>
      </marc:datafield>
      <marc:datafield tag="945" ind1=" " ind2=" ">
         <marc:subfield code="a">SY</marc:subfield>
         <marc:subfield code="b">1</marc:subfield>
         <marc:subfield code="c">2462.385.61q</marc:subfield>
      </marc:datafield>
      <marc:datafield tag="911" ind1=" " ind2=" ">
         <marc:subfield code="a">20000402</marc:subfield>
      </marc:datafield>
   </marc:record>
</marc:collection>
